<?xml version="1.0" encoding="UTF-8"?><collection xmlns="http://www.loc.gov/MARC21/slim"><record><leader>00569nam--2200193-i-4500</leader><controlfield tag="001">000035913</controlfield><controlfield tag="002">20161230</controlfield><controlfield tag="005">20161230201040</controlfield><controlfield tag="008">060222s1000------------r-----000-0-rus-d</controlfield><datafield ind1=" " ind2=" " tag="040"><subfield code="a">IFIN-HH</subfield></datafield><datafield ind1=" " ind2=" " tag="041"><subfield code="a">rus</subfield></datafield><datafield ind1=" " ind2=" " tag="080"><subfield code="a">519.852</subfield></datafield><datafield ind1="1" ind2=" " tag="100"><subfield code="a">Gass, Saul I</subfield></datafield><datafield ind1="1" ind2="0" tag="245"><subfield code="a">Lineinoe programmirovanie (metodi i prilojenia)</subfield><subfield code="c">Saul i. gass</subfield></datafield><datafield ind1=" " ind2=" " tag="260"><subfield code="a">Moskva</subfield><subfield code="b">Fiziko-matematiceskoi Literaturi</subfield><subfield code="c">1961</subfield></datafield><datafield ind1=" " ind2=" " tag="300"><subfield code="a">303P</subfield></datafield><datafield ind1=" " ind2=" " tag="500"><subfield code="a">Titlul Original In Limba Engleza: Linear Programming Methods And Applicatons</subfield></datafield><datafield ind1=" " ind2=" " tag="852"><subfield code="a">3562</subfield><subfield code="c">519.283</subfield></datafield><datafield ind1=" " ind2=" " tag="CAT"><subfield code="a">Sys</subfield><subfield code="c">20130806</subfield><subfield code="h">102846</subfield></datafield></record></collection>